% Used in the thesis:

% Wavefront OBJ file format
@article{martinreddy,
  title={Level of Detail for 3D Graphics},
  author={Martin Reddy},
  year={2001},
  publisher={Morgan Kaufmann}

% MTL file format
@article{diane1995mtl,
  title={MTL material format (Lightwave, OBJ)},
  author={Diane Ramey, Linda Rose, and Lisa Tyerman},
  year={1995}

% Textures
@article{juhasz2003opengl,
  title={OpenGL},
  author={Juhász Imre},
  pages={93--94},
  year={2003},
  publisher={modiDiÁK könyvtár}
}
% Kixor
@article{micah1987markup,
  title={Kixor.net OBJ Loader},
  author={Micah Taylor},
  journal={https://www.kixor.net/dev/objloader/},
  year={2008}
}
% 3D viewer
@article{online2014viktor,
  title={Online 3D Viewer},
  author={Viktor Kovacs},
  journal={https://3dviewer.net/},
  year={2014}
}

% Creators 3D Online Viewer
@article{creators2018creators3d,
  title={Creators 3D Online Viewer},
  author={Creators3d},
  journal={https://www.creators3d.com/online-viewer/},
  year={2018}
}

% Model Loader
@article{imre2020model,
  title={Model Loader},
  author={Imre Piller},
  journal={https://www.uni-miskolc.hu/~matip/grafika/},
  year={2020}
}

% C progrgram language
@article{brian1978thec,
  title={The C Programming Language},
  author={Brian Kernighan and Dennis Ritchie},
  pages={6--15},
  year={1978, 1988},
  publisher={Prentice Hall}
}
% GCC
@article{gnu2003richard,
  title={Using and Porting the GNU Compiler Collection},
  author={Richard M. Stallman},
  year={2003},
  publisher={Free Software Foundation}
}
% PCRE
@article{philip1997pcre,
  title={PCRE - Perl Compatible Regular Expressions},
  author={Philip Hazel},
  year={1997}
}

% OpenGL
@article{khronos1997opengl,
  title={OpenGL.org},
  author={Khronos Group},
  journal={https://www.opengl.org/},
  year={1997-2020},
  publisher={DigitalOcean}
}
% OpenGL
@article{mason1999opengl,
  title={OpenGL Programming Guide: The Official Guide to Learning OpenGL},
  author={Mason Woo, Jackie Neider, Tomas Davis},
  year={1999},
  publisher={Addison-Wesley Longman Publishing Co.}
}

% Cmocka
@article{andreas2014cmocka,
  title={Cmocka},
  author={Andreas Schneider},
  journal={https://git.cryptomilk.org/projects/cmocka.git},
  year={2014}
}
